<record><leader>00000cas a22000007a 4500</leader><controlfield tag="001">9117542</controlfield><controlfield tag="008">830111d18251829mdudr ne      0    0eng  </controlfield><datafield ind1=" " ind2=" " tag="010"><subfield code="a">sn 83009579 </subfield></datafield><datafield ind1=" " ind2=" " tag="040"><subfield code="a">DLC</subfield><subfield code="b">eng</subfield><subfield code="c">DLC</subfield><subfield code="d">MFN</subfield><subfield code="d">DLC</subfield><subfield code="d">OCL</subfield><subfield code="d">MFN</subfield><subfield code="d">CNW</subfield><subfield code="d">OCL</subfield><subfield code="d">OCLCO</subfield><subfield code="d">OCLCQ</subfield><subfield code="d">OCLCF</subfield></datafield><datafield ind1=" " ind2=" " tag="012"><subfield code="b">3</subfield></datafield><datafield ind1=" " ind2=" " tag="019"><subfield code="a">11475205</subfield><subfield code="a">11475283</subfield></datafield><datafield ind1="1" ind2=" " tag="029"><subfield code="a">AU@</subfield><subfield code="b">000025819355</subfield></datafield><datafield ind1=" " ind2=" " tag="042"><subfield code="a">msc</subfield></datafield><datafield ind1=" " ind2=" " tag="043"><subfield code="a">n-us-md</subfield></datafield><datafield ind1="0" ind2="0" tag="050"><subfield code="a">Newspaper 8066-X</subfield></datafield><datafield ind1="0" ind2=" " tag="130"><subfield code="a">Commercial chronicle &amp; Baltimore advertiser (Baltimore, Md. : Daily)</subfield></datafield><datafield ind1="1" ind2="0" tag="245"><subfield code="a">Commercial chronicle &amp; Baltimore advertiser.</subfield></datafield><datafield ind1="3" ind2="0" tag="246"><subfield code="a">Commercial chronicle and Baltimore advertiser</subfield></datafield><datafield ind1="3" ind2="0" tag="246"><subfield code="a">Commercial chronicle and Baltimore daily advertiser</subfield></datafield><datafield ind1=" " ind2=" " tag="260"><subfield code="a">Baltimore, Md. :</subfield><subfield code="b">S.C. Leakin</subfield></datafield><datafield ind1=" " ind2=" " tag="300"><subfield code="a">v.</subfield></datafield><datafield ind1=" " ind2=" " tag="310"><subfield code="a">Daily</subfield></datafield><datafield ind1="1" ind2=" " tag="362"><subfield code="a">Began in 1825; ceased in Jan. 1829.</subfield></datafield><datafield ind1=" " ind2=" " tag="500"><subfield code="a">Title varies slightly.</subfield></datafield><datafield ind1=" " ind2=" " tag="515"><subfield code="a">Issues for July 2, 1825-Feb. 2, 1828 called v. 12, no. 1939-v. 18, no. 2731; July 2-Dec. 11, 1828 called v. 9, no. 2858-2993.</subfield></datafield><datafield ind1=" " ind2=" " tag="580"><subfield code="a">Triweekly eds.: Commercial chronicle and Baltimore advertiser (Baltimore, Md. : Triweekly), 1825-1828; Commercial chronicle (Baltimore, Md.), 1829.</subfield></datafield><datafield ind1=" " ind2=" " tag="588"><subfield code="a">Description based on: July 2, 1825.</subfield></datafield><datafield ind1=" " ind2="0" tag="651"><subfield code="a">Baltimore (Md.)</subfield><subfield code="v">Newspapers.</subfield></datafield><datafield ind1=" " ind2="7" tag="655"><subfield code="a">Newspapers.</subfield><subfield code="2">fast</subfield><subfield code="0">(OCoLC)fst01423814</subfield></datafield><datafield ind1=" " ind2="7" tag="651"><subfield code="a">Maryland</subfield><subfield code="z">Baltimore.</subfield><subfield code="2">fast</subfield><subfield code="0">(OCoLC)fst01204292</subfield></datafield><datafield ind1=" " ind2=" " tag="752"><subfield code="a">United States</subfield><subfield code="b">Maryland</subfield><subfield code="d">Baltimore.</subfield></datafield><datafield ind1="1" ind2=" " tag="775"><subfield code="t">Commercial chronicle and Baltimore advertiser (Baltimore, Md. : Triweekly)</subfield><subfield code="w">(DLC)sn 83009610</subfield></datafield><datafield ind1="1" ind2=" " tag="775"><subfield code="t">Commercial chronicle (Baltimore, Md.)</subfield><subfield code="w">(DLC)sn 83009607</subfield></datafield><datafield ind1="0" ind2="0" tag="780"><subfield code="t">Morning chronicle &amp; daily advertiser (Baltimore, Md. : Daily)</subfield><subfield code="w">(DLC)sn 84038747</subfield></datafield><datafield ind1="0" ind2="7" tag="785"><subfield code="t">Marylander (Baltimore, Md. : Semiweekly)</subfield><subfield code="w">(DLC)sn 83009645</subfield><subfield code="w">(OCoLC)9248360</subfield></datafield><datafield ind1="0" ind2="7" tag="785"><subfield code="t">Commercial chronicle and daily Marylander (Baltimore, Md. : Daily)</subfield><subfield code="w">(DLC)sn 83009596</subfield><subfield code="w">(OCoLC)9138655</subfield></datafield></record>